% This file was created with JabRef 2.9.2.
% Encoding: UTF-8

@BOOK{crank,
  title = {Mathematics of Diffusion},
  publisher = {Clarendon Press, Oxford},
  year = {1975},
  author = {J. Crank},
  edition = {1}
}

@BOOK{demtroeder2,
  title = {Experimentalphysik 2, Elektrizität und Optik},
  publisher = {Springer-Verlag, Berlin Heidelberg},
  year = {2012},
  author = {W. Demtröder},
  edition = {6},
  isbn = {978-3-642-29943-8}
}

@BOOK{demtroeder3,
  title = {Experimentalphysik 3, Kern-, Teilchen- und Atomphysik},
  publisher = {Springer-Verlag, Berlin Heidelberg},
  year = {2010},
  author = {W. Demtröder},
  edition = {4},
  isbn = {978-3-642-03910-2}
}

@BOOK{demtroeder,
  title = {Experimentalphysik 1, Mechanik und Wärme},
  publisher = {Springer-Verlag, Berlin Heidelberg},
  year = {2008},
  author = {W. Demtröder},
  edition = {5},
  isbn = {978-3-642-25465-9}
}

@BOOK{giancoli,
  title = {Physik - Lehr- und Übungsbuch},
  publisher = {Pearson Education Deutschland, München},
  year = {2010},
  author = {Douglas C. Giancoli},
  edition = {3}
}

@BOOK{greiner,
  title = {Klassische Elektrodynamik},
  publisher = {Verlag Harri Deutsch},
  year = {2002},
  author = {Walter Greiner},
  edition = {6},
  isbn = {3-8171-1660-8}
}

@OTHER{griffith,
  author = {David J. Griffith},
  edition = {3},
  publisher = {Prentice-Hall},
  title = {Introduction to Electrodynics},
  year = {1999}
}

@BOOK{bronstein,
  title = {Taschenbuch der Mathematik für Ingenieure und Studenten},
  publisher = {Wissenschaftlicher Verlag Harri Deutsch GmbH, Frankfurt am Main},
  year = {2006},
  author = {I.N. Bronstein, K.A. Semendjaew},
  isbn = {978-3-8171-2016-1}
}

@BOOK{bergmann,
  title = {Lehrbuch der Experimentalphysik: ELEKTROMAGNETISMUS},
  publisher = {Walter de Gruyter GmbH \& Co. KG.},
  year = {1999},
  author = {L. Bergmann, C. Schaefer},
  edition = {8},
  isbn = {3110160978}
}

@ARTICLE{schicht,
  author = {B. Boehrer und M. Schultze},
  title = {Schichtung von Seen},
  journal = {Handbuch Ang. Limnologie},
  year = {2009},
  owner = {jan.weinreich1},
  timestamp = {2015.06.24},
  url = {http://www.wiley-vch.de/books/sample/3527321314_c01.pdf}
}

@BOOK{meschede,
  title = {Optik Licht und Laser},
  author = {Meschede, D.},
  owner = {jan.weinreich1},
  timestamp = {2015.06.28}
}

@BOOK{gerthsen,
  title = {Gerthsen Physik},
  publisher = {Springer-Verlag, Berlin Heidelberg},
  year = {2010},
  author = {Dieter Meschede},
  edition = {24},
  isbn = {978-3-642-12893-6}
}

@BOOK{nolting3,
  title = {Grundkurs Theoretische Physik 3},
  publisher = {Springer},
  year = {2002},
  author = {Wolfgang Nolting},
  edition = {6},
  isbn = {3-540-42113-0}
}

@BOOK{tipler,
  title = {Physik},
  publisher = {Springer Spektrum},
  year = {2014},
  editor = {Jenny Wagner},
  author = {Paul A. Tipler, Gene Mosca, Christoph Kommer},
  volume = {7},
  owner = {jan.weinreich1},
  timestamp = {2015.06.24}
}

@BOOK{prakti,
  title = {Das Physikalische Praktikum, Handbuch 2014 für Studentinnen und Studenten
	der Physik},
  publisher = {Universitätsdrucke Göttigen},
  year = {2014},
  author = {Jörn Große-Knetter Peter Schaaf},
  isbn = {978-3-86395-157-3}
}

@ARTICLE{abs,
  title = {Absorption spectrum of pure water},
  owner = {jan.weinreich1},
  timestamp = {2015.06.28},
  url = {https://www.osapublishing.org/ao/abstract.cfm?uri=ao-36-33-8710}
}

@MISC{LP10,
  title = {Lehrportal der Universität Göttingen},
  howpublished = {https://lp.uni-goettingen.de/get/text/3664}
}

@MISC{LP11,
  title = {Lehrportal der Universität Göttingen},
  howpublished = {https://lp.uni-goettingen.de/get/text/4070}
}

@MISC{LP12,
  title = {Lehrportal der Universität Göttingen},
  howpublished = {https://lp.uni-goettingen.de/get/text/4081}
}

@MISC{LP13,
  title = {Lehrportal der Universität Göttingen},
  howpublished = {https://lp.uni-goettingen.de/get/text/4087}
}

@MISC{LP14,
  title = {Lehrportal der Universität Göttingen},
  howpublished = {https://lp.uni-goettingen.de/get/text/4165}
}

@MISC{LP15,
  title = {Lehrportal der Universität Göttingen},
  howpublished = {https://lp.uni-goettingen.de/get/text/4205}
}

@MISC{LP16,
  title = {Lehrportal der Universität Göttingen},
  howpublished = {https://lp.uni-goettingen.de/get/text/4245}
}

@MISC{LP17,
  title = {Lehrportal der Universität Göttingen},
  howpublished = {https://lp.uni-goettingen.de/get/text/4256}
}

@MISC{LP18,
  title = {Lehrportal der Universität Göttingen},
  howpublished = {https://lp.uni-goettingen.de/get/text/4277}
}

@MISC{LP19,
  title = {Lehrportal der Universität Göttingen},
  howpublished = {https://lp.uni-goettingen.de/get/text/4318}
}

@MISC{LP20,
  title = {Lehrportal der Universität Göttingen},
  howpublished = {https://lp.uni-goettingen.de/get/text/4330}
}

@MISC{LP21,
  title = {Lehrportal der Universität Göttingen},
  howpublished = {https://lp.uni-goettingen.de/get/text/4346}
}

@MISC{LP22,
  title = {Lehrportal der Universität Göttingen},
  howpublished = {https://lp.uni-goettingen.de/get/text/4371}
}

@MISC{LP23,
  title = {Lehrportal der Universität Göttingen},
  howpublished = {https://lp.uni-goettingen.de/get/text/4385}
}

@MISC{LP24,
  title = {Lehrportal der Universität Göttingen},
  howpublished = {https://lp.uni-goettingen.de/get/text/4433}
}

@MISC{LP25,
  title = {Lehrportal der Universität Göttingen},
  howpublished = {https://lp.uni-goettingen.de/get/text/4436}
}

@ELECTRONIC{op,
  title = {Elektronik-Kompendium},
  url = {http://www.elektronik-kompendium.de/sites/slt/0210151.htm},
  owner = {jan.weinreich1},
  timestamp = {2015.06.29}
}

@ELECTRONIC{speck,
  title = {Optical Absorption of Water Compendium},
  url = {http://omlc.org/spectra/water/abs/},
  owner = {jan.weinreich1},
  timestamp = {2015.06.29}
}

@MISC{XMCRelaxkit,
  title = {Datenblatt des XMC 4500 RelaxKit},
  url = {http://www.infineon.com/cms/en/product/evaluation-boards/KIT_XMC45_RELAX_V1/evaluation-boards/KIT_XMC45_RELAX_V1/productType.html?productType=db3a304437849205013813b23ac17763},
  timestamp = {2015.07.03}
}

@MISC{IRDatenblatt,
  title = {Datenblatt der IR LED},
  url = {www.produktinfo.conrad.com/datenblaetter/175000-199999/181712-da-01-en-IR_LED_5MM_HE3_160AC.pdf},
  timestamp = {2015.07.03}
}

@MISC{BLAUDatenblatt,
 title = {Datenblatt der Blauen LED},
 url = {http://www.kingbright.com/attachments/file/psearch/000/00/watermark00/L-7113QBC-D(Ver.20B).pdf},
 timestamp = {2015.07.04}
}
